@misc{1,
  author = {JP Jones},
  title  = {Comment fonctionne un VPN ?},
  year   = {Actualisé le 31/10/2024},
  url    = {https://www.top10vpn.com/fr/cest-quoi-un-vpn/comment-fonctionne-un-vpn/}
}

@misc{2,
  author = {Florian BURNEL},
  title  = {Les tunnels VPN pour les débutants},
  year   = {22/03/2022},
  url    = {https://www.it-connect.fr/les-tunnels-vpn-pour-les-debutants/#A_VPN_client-to-site}
}